<record><leader>00000cas a22000007a 4500</leader><controlfield tag="001">1695912</controlfield><controlfield tag="008">751012u193819uumnumn ne      0    0eng d</controlfield><controlfield tag="009">501</controlfield><datafield ind1=" " ind2=" " tag="010"><subfield code="a">sn 90059679 </subfield></datafield><datafield ind1=" " ind2=" " tag="040"><subfield code="a">MUL</subfield><subfield code="c">MUL</subfield><subfield code="d">MN#</subfield></datafield><datafield ind1="0" ind2="4" tag="245"><subfield code="a">The murcurie.</subfield></datafield><datafield ind1=" " ind2=" " tag="260"><subfield code="a">St. Paul, Minn. :</subfield><subfield code="b">Murray High School,</subfield><subfield code="c">1938-</subfield></datafield><datafield ind1=" " ind2=" " tag="310"><subfield code="a">Monthly (during school year),</subfield><subfield code="b">Oct. 12, 1961-&lt;Dec. 14, 1964&gt;</subfield></datafield><datafield ind1=" " ind2=" " tag="321"><subfield code="a">Monthly (during school year),</subfield><subfield code="b">Oct. 26, 1938-May 26, 1942</subfield></datafield><datafield ind1=" " ind2=" " tag="321"><subfield code="a">Every three weeks (during school year),</subfield><subfield code="b">Sept. 30, 1942-&lt;Apr. 27, 1961&gt;</subfield></datafield><datafield ind1="0" ind2=" " tag="362"><subfield code="a">Vol. 1, no. 1 (Oct. 26, 1938)-</subfield></datafield><datafield ind1=" " ind2=" " tag="530"><subfield code="a">Available on microfilm from the Minnesota Historical Society.</subfield></datafield><datafield ind1=" " ind2=" " tag="752"><subfield code="a">United States</subfield><subfield code="b">Minnesota</subfield><subfield code="c">Ramsey</subfield><subfield code="d">Saint Paul.</subfield></datafield></record>